@ARTICLE{Luger2021,
       author = { {Luger}, Rodrigo and {Bedell}, Megan and {Foreman-Mackey}, Daniel and {Crossfield}, Ian J.~M. and {Zhao}, Lily L. and {Hogg}, David W.},
        title = "{Mapping stellar surfaces III: An Efficient, Scalable, and Open-Source Doppler Imaging Model}",
      journal = {arXiv e-prints},
     keywords = {Astrophysics - Solar and Stellar Astrophysics, Astrophysics - Earth and Planetary Astrophysics, Astrophysics - Instrumentation and Methods for Astrophysics},
         year = 2021,
        month = oct,
          eid = {arXiv:2110.06271},
        pages = {arXiv:2110.06271},
archivePrefix = {arXiv},
       eprint = {2110.06271},
 primaryClass = {astro-ph.SR},
       adsurl = {https://ui.adsabs.harvard.edu/abs/2021arXiv211006271L},
      adsnote = {Provided by the SAO/NASA Astrophysics Data System}
}

@ARTICLE{starry2019,
       author = {{Luger}, Rodrigo and {Agol}, Eric and {Foreman-Mackey}, Daniel and {Fleming}, David P. and {Lustig-Yaeger}, Jacob and {Deitrick}, Russell},
        title = "{starry: Analytic Occultation Light Curves}",
      journal = {\aj},
     keywords = {eclipses, methods: analytical, occultations, techniques: photometric, Astrophysics - Instrumentation and Methods for Astrophysics, Astrophysics - Earth and Planetary Astrophysics, Astrophysics - Solar and Stellar Astrophysics},
         year = 2019,
        month = feb,
       volume = {157},
       number = {2},
          eid = {64},
        pages = {64},
          doi = {10.3847/1538-3881/aae8e5},
archivePrefix = {arXiv},
       eprint = {1810.06559},
 primaryClass = {astro-ph.IM},
       adsurl = {https://ui.adsabs.harvard.edu/abs/2019AJ....157...64L},
      adsnote = {Provided by the SAO/NASA Astrophysics Data System}
}

@ARTICLE{dholakia2022,
       author = {{Dholakia}, Shashank and {Luger}, Rodrigo and {Dholakia}, Shishir},
        title = "{Efficient and Precise Transit Light Curves for Rapidly Rotating, Oblate Stars}",
      journal = {\apj},
     keywords = {484, 86, 1781, 38, 1175, 430, 489, 1709, 1629, 680, Astrophysics - Earth and Planetary Astrophysics, Astrophysics - Instrumentation and Methods for Astrophysics},
         year = 2022,
        month = feb,
       volume = {925},
       number = {2},
          eid = {185},
        pages = {185},
          doi = {10.3847/1538-4357/ac33aa},
archivePrefix = {arXiv},
       eprint = {2109.03250},
 primaryClass = {astro-ph.EP},
       adsurl = {https://ui.adsabs.harvard.edu/abs/2022ApJ...925..185D},
      adsnote = {Provided by the SAO/NASA Astrophysics Data System}
}
@software{rein2023,
       author = {{Rein}, Edan and {Ofir}, Aviv},
        title = "{pyPplusS: Modeling exoplanets with rings}",
 howpublished = {Astrophysics Source Code Library, record ascl:2307.006},
         year = 2023,
        month = jul,
          eid = {ascl:2307.006},
       adsurl = {https://ui.adsabs.harvard.edu/abs/2023ascl.soft07006R},
      adsnote = {Provided by the SAO/NASA Astrophysics Data System}
}
@ARTICLE{luger2017,
       author = {{Luger}, Rodrigo and {Lustig-Yaeger}, Jacob and {Agol}, Eric},
        title = "{Planet-Planet Occultations in TRAPPIST-1 and Other Exoplanet Systems}",
      journal = {\apj},
     keywords = {planets and satellites: atmospheres, planets and satellites: detection, planets and satellites: fundamental parameters, techniques: photometric, Astrophysics - Earth and Planetary Astrophysics},
         year = 2017,
        month = dec,
       volume = {851},
       number = {2},
          eid = {94},
        pages = {94},
          doi = {10.3847/1538-4357/aa9c43},
archivePrefix = {arXiv},
       eprint = {1711.05739},
 primaryClass = {astro-ph.EP},
       adsurl = {https://ui.adsabs.harvard.edu/abs/2017ApJ...851...94L},
      adsnote = {Provided by the SAO/NASA Astrophysics Data System}
}

